@article{Anderson-Trocme_etal_2023,
author = {Luke Anderson-Trocmé  and Dominic Nelson  and Shadi Zabad  and Alex Diaz-Papkovich  and Ivan Kryukov  and Nikolas Baya  and Mathilde Touvier  and Ben Jeffery  and Christian Dina  and Hélène Vézina  and Jerome Kelleher  and Simon Gravel },
title = {On the genes, genealogies, and geographies of Quebec},
journal = {Science},
volume = {380},
number = {6647},
pages = {849-855},
year = {2023},
doi = {10.1126/science.add5300},
URL = {https://www.science.org/doi/abs/10.1126/science.add5300},
}

@article{Avise_etal_1987,
author = {Avise, J C and Arnold, J and Ball, R M and Bermingham, E and Lamb, T and Neigel, J E and Reeb, C A and Saunders, N C},
title = {INTRASPECIFIC PHYLOGEOGRAPHY: The Mitochondrial DNA Bridge Between Population Genetics and Systematics},
journal = {Annual Review of Ecology and Systematics},
volume = {18},
number = {1},
pages = {489-522},
year = {1987},
doi = {10.1146/annurev.es.18.110187.002421},
}

@article{Hudson_etal_1992,
author = {Hudson, Richard R. and Slatkin, Montgomery and Maddison, Wayne P.},
title = {Estimation of levels of gene flow from DNA sequence data},
journal = {Genetics},
volume = {132},
pages = {583-589},
year = {1992}
}

@article{Kelleher_etal_2016,
    doi = {10.1371/journal.pcbi.1004842},
    author = {Kelleher, Jerome AND Etheridge, Alison M AND McVean, Gilean},
    journal = {PLOS Computational Biology},
    publisher = {Public Library of Science},
    title = {Efficient Coalescent Simulation and Genealogical Analysis for Large Sample Sizes},
    year = {2016},
    month = {05},
    volume = {12},
    url = {https://doi.org/10.1371/journal.pcbi.1004842},
    pages = {1-22},
    number = {5},
}

@article{Kelleher_etal_2019,
    doi = {10.1038/s41588-019-0483-y},
    author = {Kelleher, Jerome AND Wong, Yan AND Wohns, Anthony W. AND Fadil, Chaimaa AND Albers, Patrick K. AND McVean, Gil},
    journal = {Nature Genetics},
    title = {Inferring whole-genome histories in large population datasets},
    year = {2019},
    month = {09},
    volume = {51},
    pages = {1330-1338},
    number = {9},
}

@article{Knowles_Maddison_2002,
author = {Knowles, L. Lacey and Maddison, Wayne P.},
title = {Statistical Phylogeography},
journal = {Molecular Ecology},
volume = {11},
number = {12},
pages = {2623-2635},
doi = {https://doi.org/10.1046/j.1365-294X.2002.01410.x},
year = {2002}
}

@article{Maddison_1991,
 ISSN = {00397989},
 URL = {http://www.jstor.org/stable/2992324},
 author = {Wayne P. Maddison},
 journal = {Systematic Zoology},
 number = {3},
 pages = {304--314},
 publisher = {[Oxford University Press, Society of Systematic Biologists, Taylor & Francis, Ltd.]},
 title = {Squared-Change Parsimony Reconstructions of Ancestral States for Continuous-Valued Characters on a Phylogenetic Tree},
 urldate = {2023-08-21},
 volume = {40},
 year = {1991}
}

@article{Nielsen_Beaumont_2009,
author = {Nielsen, Rasmus and Beaumont, Mark A.},
title = {Statistical inferences in phylogeography},
journal = {Molecular Ecology},
volume = {18},
number = {6},
pages = {1034-1047},
doi = {https://doi.org/10.1111/j.1365-294X.2008.04059.x},
year = {2009}
}

@article{Ralph_etal_2020,
    author = {Ralph, Peter and Thornton, Kevin and Kelleher, Jerome},
    title = "{Efficiently Summarizing Relationships in Large Samples: A General Duality Between Statistics of Genealogies and Genomes}",
    journal = {Genetics},
    volume = {215},
    number = {3},
    pages = {779-797},
    year = {2020},
    month = {07},
    issn = {1943-2631},
    doi = {10.1534/genetics.120.303253},
    url = {https://doi.org/10.1534/genetics.120.303253},
    eprint = {https://academic.oup.com/genetics/article-pdf/215/3/779/42225422/genetics0779.pdf},
}

@article{Sankoff_1975,
 ISSN = {00361399},
 URL = {http://www.jstor.org/stable/2100459},
 author = {David Sankoff},
 journal = {SIAM Journal on Applied Mathematics},
 number = {1},
 pages = {35-42},
 publisher = {Society for Industrial and Applied Mathematics},
 title = {Minimal Mutation Trees of Sequences},
 urldate = {2023-08-21},
 volume = {28},
 year = {1975}
}

@article{Sankoff_Rousseau_1975,
 author = {David Sankoff and Pascale Rousseau},
 journal = {Mathematical Programming},
 pages = {240-246},
 publisher = {North-Holland Publishing Company},
 title = {Locating the vertices of a Steiner tree in an arbitrary metric space},
 volume = {9},
 year = {1975}
}

@article{Slatkin_Maddison_1989,
 doi={10.1093/genetics/123.3.603},
 author = {Montgomery Slatkin and Wayne P. Maddison},
 journal = {Genetics},
 number = {3},
 pages = {603-613},
 title = {A cladistic measure of gene flow},
 volume = {123},
 year = {1989}
}

@article{Slatkin_Maddison_1990,
 doi={10.1093/genetics/126.1.249},
 author = {Montgomery Slatkin and Wayne P. Maddison},
 journal = {Genetics},
 number = {1},
 pages = {249-260},
 title = {Detecting isolation by distance using phylogenies of genes},
 volume = {126},
 year = {1990}
}

@article{Wakeley_1999,
 doi={10.1093/genetics/153.4.1863},
 author = {Wakeley, J.},
 journal = {Genetics},
 number = {4},
 pages = {1863-1871},
 title = {Nonequilibrium migration in human history},
 volume = {153},
 year = {1999}
}

@article{Wilkins_2004,
 doi={10.1093/genetics/153.4.1863},
 author = {Wilkins, J.F.},
 journal = {Genetics},
 number = {4},
 pages = {2227-2244},
 title = {A separation-of-timescales approach to the coalescent in a continuous population},
 volume = {168},
 year = {2004}
}
